@TECHREPORT{fis88,
    author    = " R. A. Fisher",
    title     = "Small Soybean Database",
    year      = "1988"
}

@TECHREPORT{wol87,
    author    = "William H. Wolberg",
    title     = "Wisconsin Breast Cancer Database",
    year      = "1987"
}

@TECHREPORT{ger87,
    author    = "B. German",
    title     = "Glass Identification Database",
    year      = "1987"
}

@TECHREPORT{mic87,
    author    = "R.S. Michalski",
    title     = "Small Soybean Database",
    year      = "1987"
}

@book{mit87,
    author    = "T.M. Mitchel",
    title     = "GENERATIVE AND DISCRIMINATIVE CLASSIFIERS:NAIVE BAYES AND LOGISTIC REGRESSION",
    year      = "2015"
}


%%Congressional Quarterly Almanac, 98th Congress, 2nd session 1984, Volume XL: %%%%Congressional Voting Records Database", April 27 1987.

%%“A Gentle Introduction to k-Fold Cross-Validation.” Machine Learning Mastery, 8 Aug. 2019, https://machinelearningmastery.com/k-fold-cross-validation/.
